@article{Feng:2016ijc,
    author = "Feng, Jonathan L. and Smolinsky, Jordan and Tanedo, Philip",
    title = "{Detecting dark matter through dark photons from the Sun: Charged particle signatures}",
    eprint = "1602.01465",
    archivePrefix = "arXiv",
    primaryClass = "hep-ph",
    reportNumber = "UCI-TR-2016-02",
    doi = "10.1103/PhysRevD.93.115036",
    journal = "Phys. Rev. D",
    volume = "93",
    number = "11",
    pages = "115036",
    year = "2016",
    note = "[Erratum: Phys.Rev.D 96, 099903 (2017)]"
}

@book{Griffiths:2008zz,
    author = "Griffiths, David",
    title = "{Introduction to elementary particles}",
    isbn = "978-3-527-40601-2",
    year = "2008"
}
@book{Larkoski:2019jnv,
    author = "Larkoski, Andrew J.",
    title = "{Elementary Particle Physics}: {An Intuitive Introduction}",
    isbn = "978-1-108-49698-8, 978-1-108-57940-7",
    publisher = "Cambridge University Press",
    month = "6",
    year = "2019"
}

@book{Peskin:2019iig,
    author = "Peskin, Michael E.",
    title = "{Concepts of Elementary Particle Physics}",
    doi = "10.1093/oso/9780198812180.001.0001",
    isbn = "978-0-19-881218-0, 978-0-19-881219-7",
    publisher = "Oxford University Press",
    series = "Oxford Master Series in Physics",
    month = "9",
    year = "2019"
}

@book{Cahn:1989by,
    author = "Cahn, R. N. and Goldhaber, G.",
    title = "{The experimental foundations of particle physics}",
    doi = "10.1017/CBO9780511609923",
    isbn = "978-0-521-52147-5",
    publisher = "Cambridge Univ. Press",
    address = "Cambridge",
    year = "2009"
}

@book{Cahn:1989by,
    author = "Cahn, R. N. and Goldhaber, G.",
    title = "{The experimental foundations of particle physics}",
    doi = "10.1017/CBO9780511609923",
    isbn = "978-0-521-52147-5",
    publisher = "Cambridge Univ. Press",
    address = "Cambridge",
    year = "2009"
}

@book{Goldberg:2017dlc,
    author = "Goldberg, Dave",
    title = "{The Standard Model in a Nutshell}",
    isbn = "978-0-691-16759-6",
    publisher = "Princeton University Press",
    month = "2",
    year = "2017"
}

@book{Bettini:2008zz,
    author = "Bettini, Alessandro",
    title = "{Introduction to elementary particle physics}",
    isbn = "978-0-521-88021-3",
    year = "2008"
}

@article{Fan:2022eto,
    author = "Fan, X. and Myers, T. G. and Sukra, B. A. D. and Gabrielse, G.",
    title = "{Measurement of the Electron Magnetic Moment}",
    eprint = "2209.13084",
    archivePrefix = "arXiv",
    primaryClass = "physics.atom-ph",
    doi = "10.1103/PhysRevLett.130.071801",
    journal = "Phys. Rev. Lett.",
    volume = "130",
    number = "7",
    pages = "071801",
    year = "2023"
}

@article{CMS:2012zhx,
    author = "Chatrchyan, Serguei and others",
    collaboration = "CMS",
    title = "{Combined Results of Searches for the Standard Model Higgs Boson in $pp$ Collisions at $\sqrt{s}=7$ TeV}",
    eprint = "1202.1488",
    archivePrefix = "arXiv",
    primaryClass = "hep-ex",
    reportNumber = "CMS-HIG-11-032, CERN-PH-EP-2012-023",
    doi = "10.1016/j.physletb.2012.02.064",
    journal = "Phys. Lett. B",
    volume = "710",
    pages = "26--48",
    year = "2012"
}

@article{ATLAS:2012ae,
    author = "Aad, Georges and others",
    collaboration = "ATLAS",
    title = "{Combined search for the Standard Model Higgs boson using up to 4.9 fb$^{-1}$ of $pp$ collision data at $\sqrt{s}=7$ TeV with the ATLAS detector at the LHC}",
    eprint = "1202.1408",
    archivePrefix = "arXiv",
    primaryClass = "hep-ex",
    reportNumber = "CERN-PH-EP-2012-019",
    doi = "10.1016/j.physletb.2012.02.044",
    journal = "Phys. Lett. B",
    volume = "710",
    pages = "49--66",
    year = "2012"
}

@book{Schwichtenberg:2018dri,
    author = "Schwichtenberg, Jakob",
    title = "{Physics from Symmetry}",
    doi = "10.1007/978-3-319-66631-0",
    isbn = "978-3-319-66630-3, 978-3-319-66631-0",
    publisher = "Springer International Publishing",
    address = "Cham",
    series = "Undergraduate Lecture Notes in Physics",
    year = "2018"
}

@book{Lancaster:2014pza,
    author = "Lancaster, Tom and Blundell, Stephen J.",
    title = "{Quantum Field Theory for the Gifted Amateur}",
    isbn = "978-0-19-969933-9",
    publisher = "Oxford University Press",
    year = "2014"
}

@book{donoghue2022prelude,
  title={A Prelude to Quantum Field Theory},
  author={Donoghue, J. and Sorbo, L.},
  isbn={9780691223506},
  lccn={2021034293},
  year={2022},
  publisher={Princeton University Press}
}

@book{Perkins:2003pp,
    author = "Perkins, D. H.",
    title = "{Particle astrophysics}",
    year = "2003"
}

@book{Feynman:1986er,
    author = "Feynman, Richard P.",
    title = "{QED: The Strange Theory of Light and Matter}",
    isbn = "978-0-691-16409-0, 978-0-691-02417-2",
    publisher = "Princeton University Press",
    month = "10",
    year = "2014"
}

@book{Zee:2010qce,
    author = "Zee, Anthony",
    title = "{Quantum Field Theory in a Nutshell: Second Edition}",
    isbn = "978-0-691-14034-6",
    publisher = "Princeton University Press",
    month = "2",
    year = "2010"
}

@book{schwichtenberg2020no,
  title={No-Nonsense Quantum Field Theory: A Student-Friendly Introduction},
  author={Schwichtenberg, J.},
  year={2020},
  publisher={No-Nonsense Books}
}


@book{Veltman:1994wz,
    author = "Veltman, M. J. G.",
    title = "{Diagrammatica: The Path to Feynman rules}",
    isbn = "978-1-139-24339-1, 978-0-521-45692-0",
    publisher = "Cambridge University Press",
    volume = "4",
    month = "5",
    year = "2012"
}

@book{kaiser2009drawing,
  title={Drawing Theories Apart: The Dispersion of Feynman Diagrams in Postwar Physics},
  author={Kaiser, D.},
  isbn={9780226422657},
  year={2009},
  publisher={University of Chicago Press}
}

@book{prescod2021disordered,
  title={The Disordered Cosmos: A Journey into Dark Matter, Spacetime, and Dreams Deferred},
  author={Prescod-Weinstein, C.},
  isbn={9781541724693},
  lccn={2020040651},
  year={2021},
  publisher={PublicAffairs}
}

@book{feynman2005feynman,
  title={Feynman's Thesis: A New Approach to Quantum Theory},
  author={Feynman, R.P. and Brown, L.M.},
  isbn={9789812563668},
  lccn={2006296032},
  year={2005},
  publisher={World Scientific}
}

@article{10.1063/1.1768652,
    author = {Mermin, N. David},
    title = "{Could Feynman Have Said This?}",
    journal = {Physics Today},
    volume = {57},
    number = {5},
    pages = {10-11},
    year = {2004},
    month = {05},
    issn = {0031-9228},
    doi = {10.1063/1.1768652},
    url = {https://doi.org/10.1063/1.1768652}
}


@article{tHooft:1973wag,
    author = "'t Hooft, Gerard and Veltman, M. J. G.",
    title = "{Diagrammar}",
    reportNumber = "CERN-73-09",
    doi = "10.1007/978-1-4684-2826-1_5",
    journal = "NATO Sci. Ser. B",
    volume = "4",
    pages = "177--322",
    year = "1974"
}

@article{Cahn:1996ag,
    author = "Cahn, Robert N.",
    title = "{The Eighteen arbitrary parameters of the standard model in your everyday life}",
    reportNumber = "LBL-38649",
    doi = "10.1103/RevModPhys.68.951",
    journal = "Rev. Mod. Phys.",
    volume = "68",
    pages = "951--960",
    year = "1996"
}

@book{cahn2006semi,
  title={Semi-Simple Lie Algebras and Their Representations},
  author={Cahn, R.N.},
  isbn={9780486449999},
  lccn={2005056936},
  series={Dover Books on Mathematics},
  year={2006},
  publisher={Dover Publications}
}

@article{Manohar:1983md,
    author = "Manohar, Aneesh and Georgi, Howard",
    title = "{Chiral Quarks and the Nonrelativistic Quark Model}",
    reportNumber = "HUTP-83/A042a",
    doi = "10.1016/0550-3213(84)90231-1",
    journal = "Nucl. Phys. B",
    volume = "234",
    pages = "189--212",
    year = "1984"
}

@article{Georgi:1986kr,
    author = "Georgi, Howard and Randall, Lisa",
    title = "{Flavor Conserving CP Violation in Invisible Axion Models}",
    reportNumber = "HUTP-86/A025",
    doi = "10.1016/0550-3213(86)90022-2",
    journal = "Nucl. Phys. B",
    volume = "276",
    pages = "241--252",
    year = "1986"
}

@article{Georgi:1992dw,
    author = "Georgi, Howard",
    title = "{Generalized dimensional analysis}",
    eprint = "hep-ph/9207278",
    archivePrefix = "arXiv",
    reportNumber = "HUTP-92-A036",
    doi = "10.1016/0370-2693(93)91728-6",
    journal = "Phys. Lett. B",
    volume = "298",
    pages = "187--189",
    year = "1993"
}

@book{bais2007very,
  title={Very Special Relativity: An Illustrated Guide},
  author={Bais, S.},
  isbn={9780674026117},
  lccn={2007009144},
  year={2007},
  publisher={Harvard University Press}
}

@book{hoddeson1997rise,
  title={The Rise of the Standard Model: A History of Particle Physics from 1964 to 1979},
  author={Hoddeson, L. and Brown, L. and Riordan, M. and Dresden, M.},
  isbn={9780521578165},
  lccn={96005397},
  year={1997},
  publisher={Cambridge University Press}
}

@book{pais1988inward,
  title={Inward Bound: Of Matter and Forces in the Physical World},
  author={Pais, A.},
  isbn={9780198519973},
  lccn={85021587},
  series={Oxford paperbacks},
  year={1988},
  publisher={Clarendon Press}
}

@book{riordan2015tunnel,
  title={Tunnel Visions: The Rise and Fall of the Superconducting Super Collider},
  author={Riordan, M. and Hoddeson, L. and Kolb, A.W.},
  isbn={9780226305837},
  lccn={2015011972},
  year={2015},
  publisher={University of Chicago Press}
}

@book{Carroll:2004st,
    author = "Carroll, Sean M.",
    title = "{Spacetime and Geometry}: {An Introduction to General Relativity}",
    doi = "10.1017/9781108770385",
    isbn = "978-0-8053-8732-2, 978-1-108-48839-6, 978-1-108-77555-7",
    publisher = "Cambridge University Press",
    month = "7",
    year = "2019"
}

@book{Hartle:2003yu,
    author = "Hartle, J. B.",
    title = "{Gravity: An introduction to Einstein's general relativity}",
    isbn = "978-0-8053-8662-2",
    year = "2003"
}

@book{schutz2009first,
  title={A First Course in General Relativity},
  author={Schutz, B.},
  isbn={9780521887052},
  lccn={2009497226},
  year={2009},
  publisher={Cambridge University Press}
}

@book{misner2017gravitation,
  title={Gravitation},
  author={Misner, C.W. and Thorne, K.S. and Wheeler, J.A. and Kaiser, D.I.},
  isbn={9781400889099},
  year={2017},
  publisher={Princeton University Press}
}


